@Manual{R-base,
  title = {R: A Language and Environment for Statistical Computing},
  author = {{R Core Team}},
  organization = {R Foundation for Statistical Computing},
  address = {Vienna, Austria},
  year = {2016},
  url = {https://www.R-project.org/},
}
@Manual{R-bookdown,
  title = {bookdown: Authoring Books and Technical Documents with R Markdown},
  author = {Yihui Xie},
  year = {2016},
  note = {R package version 0.3.9},
  url = {https://github.com/rstudio/bookdown},
}
@Manual{R-data.table,
  title = {data.table: Extension of `data.frame`},
  author = {Matt Dowle and Arun Srinivasan},
  year = {2017},
  note = {R package version 1.10.4},
  url = {https://CRAN.R-project.org/package=data.table},
}
@Manual{R-DiagrammeR,
  title = {DiagrammeR: Create Graph Diagrams and Flowcharts Using R},
  author = {Knut Sveidqvist and Mike Bostock and Chris Pettitt and Mike Daines and Andrei Kashcha and Richard Iannone},
  year = {2017},
  note = {R package version 0.9.0},
  url = {https://CRAN.R-project.org/package=DiagrammeR},
}
@Manual{R-knitr,
  title = {knitr: A General-Purpose Package for Dynamic Report Generation in R},
  author = {Yihui Xie},
  year = {2016},
  note = {R package version 1.15.1},
  url = {https://CRAN.R-project.org/package=knitr},
}
@Manual{R-mixlm,
  title = {mixlm: Mixed Model ANOVA and Statistics for Education},
  author = {Kristian Hovde Liland},
  year = {2016},
  note = {R package version 1.1.5},
  url = {https://CRAN.R-project.org/package=mixlm},
}
@Manual{R-reshape2,
  title = {reshape2: Flexibly Reshape Data: A Reboot of the Reshape Package},
  author = {Hadley Wickham},
  year = {2016},
  note = {R package version 1.4.2},
  url = {https://CRAN.R-project.org/package=reshape2},
}
@Manual{R-rmarkdown,
  title = {rmarkdown: Dynamic Documents for R},
  author = {JJ Allaire and Joe Cheng and Yihui Xie and Jonathan McPherson and Winston Chang and Jeff Allen and Hadley Wickham and Aron Atkins and Rob Hyndman},
  year = {2016},
  note = {R package version 1.3},
  url = {https://CRAN.R-project.org/package=rmarkdown},
}
